<record><leader>00000cas a2200000 a 4500</leader><controlfield tag="001">15529815</controlfield><controlfield tag="008">870414d18741876iludn ne      0   a0eng c</controlfield><datafield ind1=" " ind2=" " tag="010"><subfield code="a">sn 87082568 </subfield></datafield><datafield ind1=" " ind2=" " tag="040"><subfield code="a">NPV</subfield><subfield code="b">eng</subfield><subfield code="c">NPV</subfield><subfield code="d">NVF</subfield><subfield code="d">MGN</subfield><subfield code="d">NVF</subfield><subfield code="d">CVF</subfield><subfield code="d">NVF</subfield><subfield code="d">CVF</subfield><subfield code="d">NVF</subfield><subfield code="d">OCLCQ</subfield><subfield code="d">NVF</subfield><subfield code="d">OCLCF</subfield><subfield code="d">OCLCO</subfield></datafield><datafield ind1="1" ind2=" " tag="029"><subfield code="a">AU@</subfield><subfield code="b">000042182497</subfield></datafield><datafield ind1=" " ind2=" " tag="042"><subfield code="a">pcc</subfield></datafield><datafield ind1=" " ind2=" " tag="043"><subfield code="a">n-us-il</subfield></datafield><datafield ind1="0" ind2="4" tag="245"><subfield code="a">The Chicago post and mail.</subfield></datafield><datafield ind1="1" ind2="3" tag="246"><subfield code="a">Post and mail</subfield><subfield code="f">Nov. 10, 1875-&lt;&gt;</subfield></datafield><datafield ind1=" " ind2=" " tag="260"><subfield code="a">Chicago, Ill. :</subfield><subfield code="b">[s.n.],</subfield><subfield code="c">1874-1876.</subfield></datafield><datafield ind1=" " ind2=" " tag="300"><subfield code="a">v.</subfield></datafield><datafield ind1=" " ind2=" " tag="310"><subfield code="a">Daily (except Sunday)</subfield></datafield><datafield ind1="0" ind2=" " tag="362"><subfield code="a">Vol. 9, no. 94 (Jan. 12, 1874)-v. 12, no. 187 (Aug. 5, 1876).</subfield></datafield><datafield ind1=" " ind2=" " tag="515"><subfield code="a">Continues the numbering of Chicago evening post (Chicago, Ill. : 1869).</subfield></datafield><datafield ind1=" " ind2=" " tag="530"><subfield code="a">Preservation microfilmed in cooperation with the University of Illinois at Urbana-Champaign Library as part of the United States Newspaper Program; the years 1874-1876 (on 7 microfilm reels) are available for purchase from OCLC Preservation Service Centers.</subfield></datafield><datafield ind1=" " ind2=" " tag="580"><subfield code="a">Formed by the union of: Chicago evening mail (Chicago, Ill. : 1870) and: Chicago evening post (Chicago, Ill. : 1869).</subfield></datafield><datafield ind1=" " ind2="0" tag="651"><subfield code="a">Chicago (Ill.)</subfield><subfield code="v">Newspapers.</subfield></datafield><datafield ind1=" " ind2="7" tag="655"><subfield code="a">Newspapers.</subfield><subfield code="2">fast</subfield><subfield code="0">(OCoLC)fst01423814</subfield></datafield><datafield ind1=" " ind2="7" tag="651"><subfield code="a">Illinois</subfield><subfield code="z">Chicago.</subfield><subfield code="2">fast</subfield><subfield code="0">(OCoLC)fst01204048</subfield></datafield><datafield ind1=" " ind2=" " tag="752"><subfield code="a">United States</subfield><subfield code="b">Illinois</subfield><subfield code="c">Cook</subfield><subfield code="d">Chicago.</subfield></datafield><datafield ind1="0" ind2=" " tag="775"><subfield code="t">Chicago weekly post and mail</subfield><subfield code="w">(DLC)sn 90053011</subfield><subfield code="w">(OCoLC)20964348</subfield></datafield><datafield ind1="1" ind2="4" tag="780"><subfield code="t">Chicago evening mail (Chicago, Ill. : 1870)</subfield><subfield code="w">(DLC)sn 82016290</subfield><subfield code="w">(OCoLC)9273629</subfield></datafield><datafield ind1="1" ind2="4" tag="780"><subfield code="t">Chicago evening post (Chicago, Ill. : 1869)</subfield><subfield code="w">(DLC)sn 83045019</subfield><subfield code="w">(OCoLC)9304047</subfield></datafield><datafield ind1="0" ind2="0" tag="785"><subfield code="t">Chicago post (Chicago, Ill. : 1876)</subfield><subfield code="w">(DLC)sn 84038741</subfield><subfield code="w">(OCoLC)11477117</subfield></datafield></record>